%Articles
%---------------------------

@article{Levy2003,
    author = {Ronit {Ben-Bassat~Levy} and Mordechai Ben-Ari and Pekka A. Uronen},
    title = "{T}he {J}eliot 2000 program animation system",
    journal = {Computers \& Education},
    volume = {40},
    number = {1},
    year = {2003},
    pages = "15--21",
    publisher = "Elsevier"
}

@article{Bergin1996,
    author = {Joe Bergin and Ricardo Jim{\`{e}}nez-Peris and Ken Brodie and Marta Pati{\~{n}}o-Mart{\'{i}}nez and Myles McNally and Tom Naps and Susan Rodger and Judith Wilson and Michael Goldweber and Sami Khuri},
    title = {An overview of visualization: its use and design},
    journal = {ACM SIGCSE Bulletin},
    volume = {28},
    number = {SI},
    year = {1996},
    publisher = "{ACM Press}",
    location = {New York, NY, USA},
    pages = {192--200}
}

@article{Hightower2000,
    author = "Rick Hightower",
    title = "{B}ean{S}hell \& {D}ynamic{J}ava: {J}ava {S}cripting with {J}ava",
    journal = "Java Developer's Journal",
    volume = "5",
    number = "7",
    year = "2000",
    publisher = "{SYS-CON} {M}edia",
    note = "{\tt{http://www.sys-con.com/java/articleprint.cfm?id=881}}"
}

@article{Hundhausen2002,
    author = {Christopher D. Hundhausen and Sarah A. Douglas and John T. Stasko},
    title = "{A} {M}eta-{S}tudy of {A}lgorithm {V}isualization {E}ffectiveness",
    journal = "Journal of Visual Languages \& Computing",
    volume = "13",
    number = "3",
    year = "2002",
    pages = "259--290",
    publisher = "Elsevier"
}

@article{Lahtinen1998,
    author = "Simo-Pekka Lahtinen and Erkki Sutinen and Jorma Tarhio",
    title = "{A}utomated {A}nimation of {A}lgorithms with {E}liot",
    journal = "Journal of Visual Languages and Computing",
    volume = "9",
    number = "3",
    year = "1998",
    pages = "337--349",
    publisher = "Academic {P}ress"
}

@article{Lattu2003,
    author = {Matti Lattu and Veijo Meisalo and Jorma Tarhio},
    title = "A visualization tool as a demonstration aid",
    journal = {Computers \& Education},
    volume = {41},
    number = {2},
    year = {2003},
    pages = "133--148",
    publisher = "Elsevier"
}

@article{Naps2003,
    title = "{E}xploring the {R}ole of {V}isualization and {E}ngagement in {C}omputer {S}cience {E}ducation",
    journal = "ACM SIGCSE Bulletin",
    volume = "35",
    number = "2",
    year = "2003",
    pages = "131--152",
    author = "Thomas L. Naps and Susan Rodger and J. {\'{A}}ngel Vel{\'{a}}zquez-Iturbide and Guido R{\"{o}}{\ss}ling and Vicki Almstrum and Wanda Dann and Rudolf Fleischer and Chris Hundhausen and Ari Korhonen and Lauri Malmi and Myles McNally",
    publisher = "{ACM Press}"
}

@article{Petre1995,
    author = "Marian Petre",
    title = "{W}hy {L}ooking {I}sn't {A}lways {S}eeing: {R}eadership {S}kills and {G}raphical {P}rogramming",
    journal = "{Communication of the ACM}",
    volume = "38",
    number = "6",
    pages = "55--70",
    year = "1995"
}


@article{Petre1993,
    author = "Marian Petre and Thomas R. G. Green",
    title = "{L}earning to {R}ead {G}raphics: {S}ome {E}vidence that '{S}eeing' an {I}nformation {D}isplay {I}s an {A}cquired {S}kill",
    journal = "{Journal of Visual Languages and Computing}",
    volume = "4",
    number = "1",
    pages = "55--70",
    year = "1993"
}

@article{Price1993,
    author = {Blaine A. Price and Ronald M. Baecker and Ian S. Small},
    title = "{A} {P}rincipled {T}axonomy of {S}oftware {V}isualization",
    journal = "{Journal of Visual Languages \& Computing}",
    volume = "4",
    number = "3",
    year = "1993",
    pages = "211--266",
    publisher = "Elsevier"
}

@article{Roman1993,
    title = "{A} {T}axonomy of {P}rogram {V}isualisation {S}ystems",
    journal = "Computer",
    volume = "26",
    number = "12",
    year = "1993",
    pages = "11--24",
    author = "Gruia-Catalin Roman and Kenneth C. Cox"
}

@article{Sutinen2003,
    author = "Erkki Sutinen and Jorma Tarhio and Tommi Ter{\"{a}}svirta",
    title = "{E}asy {A}lgorithm {A}nimation on the {W}eb",
    journal = "{Multimedia Tools and Applications}",
    volume = "19",
    number = "2",
    year = "2003",
    pages = "179--184",
    publisher = "{Kluwer Academic Publishers}",
    location = "{The Netherlands}"
}



%InProceedings
%---------------------------------------------------

@inproceedings{Benari2002a,
    author = {Mordechai Ben-Ari and Niko Myller and Erkki Sutinen and Jorma Tarhio},
    title = "Perspectives on {P}rogram {A}nimation with {J}eliot",
    editor = "Stephan Diehl",
    year = "2002",
    publisher = "{Springer-Verlag}",
    booktitle = "{Software Visualization, LNCS 2269}",
    pages = "31--45"
}

@inproceedings{Benari2002b,
    author = "Mordechai {Ben-Ari} and {N}oa {R}agonis and {R}onit {{B}en-{B}assat {L}evy}",
    title = "{A} {V}ision of {V}isualization in {T}eaching {O}bject-{O}riented {P}rogramming",
    crossref = "pvw2",
    pages = "83--89"
}

@inproceedings{Gerdt2001,
    author = "Petri Gerdt and Piet Kommers and Chee-Kit Looi and Erkki Sutinen",
    year = "2001",
    title = "Woven Stories as a Cognitive Tool",
    booktitle = "Cognitive Technology 2001, LNAI 2117",
    publisher = "Springer-Verlag",
    pages = "233--247"
}

@inproceedings{Haajanen1997,
    author = "Jyrki Haajanen and Mikael Pesonius and Erkki Sutinen and Jorma Tarhio and Tommi Ter{\"{a}}svirta and Pekka Vanninen",
    title = "{A}nimation of {U}ser {A}lgorithms on the {W}eb",
    crossref = "VL1997",
    pages = "360--367"
}

@inproceedings{Lattu2000,
    author = {Matti Lattu and Jorma Tarhio and Veijo Meisalo},
    title = "{H}ow a {V}isualization {T}ool {C}an {B}e {U}sed - {E}valuating a {T}ool in a {R}esearch \& {D}evelopment {P}roject",
    crossref = "ppig12",
    note = "{\tt{{http://www.ppig.org/papers/12th-lattu.pdf}}}",
    pages = "19--32"
}

@inproceedings{Myers1986,
    author = {Brad A. Myers},
    title = "{V}isual {P}rogramming, {P}rogramming by Example, and {P}rogram {V}isualisation: {A} {T}axonomy",
    crossref = "CHI86",
    pages = "59--66"
}

@inproceedings{Oechsle2002,
    author = {Rainer Oechsle and Thomas Schmitt},
    title = "{JAVAVIS}: {A}utomatic {P}rogram {V}isualization with {O}bject and {S}equence {D}iagrams {U}sing the {J}ava {D}ebug {I}nterface ({JDI})",
    editor = "Stephan Diehl",
    year = "2002",
    publisher = "{Springer-Verlag}",
    booktitle = "{Software Visualization, LNCS 2269}",
    pages = "176--190"
}

@inproceedings{Stratton2001,
    author = {David Stratton},
    title = "{A} {P}rogram {V}isualisation {M}eta-{L}anguage {P}roposal",
    crossref = {ICCE2001},
    pages = "??--??"
}



%Proceedings
%--------------------------------------------

@proceedings{lncs2269,
    editor = "Stephan Diehl",
    year = "2002",
    title = "{Software Visualization, LNCS 2269}",
    publisher = "{Springer-Verlag}",
    booktitle = "{Software Visualization, LNCS 2269}",
    address = "{Berlin, Heidelberg, Germany}"
}

@proceedings{pvw2,
    editor = "Mordechai Ben-Ari",
    year = "2002",
    title = "{P}roceedings of the {S}econd {P}rogram {V}isualization {W}orkshop",
    publisher = "University of Aarhus",
    booktitle = "{P}roceedings of the {S}econd {P}rogram {V}isualization {W}orkshop",
    address = "HornstrupCentret, Denmark",
    note = "{\url{{http://stwww.weizmann.ac.il/g-cs/benari/pvw/pvw2002-pdf.zip}}}"
}

@proceedings{pvw1,
    editor = "Erkki Sutinen",
    year = "2001",
    title = "{P}roceedings of the {F}irst {P}rogram {V}isualization {W}orkshop",
    publisher = "University of Joensuu",
    booktitle = "{P}roceedings of the {F}irst {P}rogram {V}isualization {W}orkshop",
    address = "Porvoo, Finland"
}

@proceedings{ICCE2001,
    year = "2001",
    title = "{P}roceedings of {I}nternational {C}onfefrence on {C}omputers in {E}ducation, {ICCE}'01",
    booktitle = "{P}roceedings of {I}nternational {C}onfefrence on {C}omputers in {E}ducation, {ICCE}'01",
    editor = "Lee~C.~H.",
    address = "Soeul, {South Korea}"
}

@proceedings{ppig12,
    year = "2000",
    title = "12th {W}orkshop of the {P}sychology of {P}rogramming {I}nterest {G}roup",
    booktitle = "12th {W}orkshop of the {P}sychology of {P}rogramming {I}nterest {G}roup",
    address = "Corenza, Italy"
}

@proceedings{VL1997,
    year = "1997",
    title = "{P}roceedings of {VL}'97 {IEEE} {S}ymposium on {V}isual {L}anguages",
    booktitle = "{P}roceedings of {VL}'97 {IEEE} {S}ymposium on {V}isual {L}anguages"
}

@proceedings{CHI86,
    year = "1986",
    title = "{CHI} '86: {H}uman {F}actors in {C}omputing {S}ystems",
    booktitle = "{CHI} '86: {H}uman {F}actors in {C}omputing {S}ystems"
}


%TechReports
%--------------------------------------------

@techreport{Sutinen1997,
    author = "Erkki Sutinen and Jorma Tarhio and Simo-Pekka Lahtinen and Antti-Pekka Tuovinen and Erkki Rautama and Veijo Meisalo",
    title = "{E}liot -- an {A}lgorithm {A}nimation {E}nvironment",
    institution = "Department of Computer Science, University of Helsinki",
    year = "1997",
    type = "Report",
    number = "A-1997-4",
    note = "{\url{{http://www.cs.helsinki.fi/TR/A-1997/4/A-1997-4.ps.gz}}}"
}

%Master's Thesis
%----------------------------------------------

%DrJava
@mastersthesis{Stoler2002,
    author = "Brian R. Stoler",
    title = "{A} {F}ramework for {B}uilding {P}edagogic {J}ava {P}rogramming {E}nvironments",
    school = "Rice University",
    year = "2002",
    address = "Houston, Texas, USA",
}


%JVisual
@mastersthesis{Birkheim2002,
    author = "Alexander Birkheim",
    title = "{A}utomatic {V}isualization of {J}ava {P}rograms to {B}e {U}sed in the {J}ava {T}eaching",
    school = "University of Applied Sciences Cologne",
    year = "2002",
    address = "Cologne, German",
    note = "(In German)"
}



%PhD Thesis
%---------------------------------------------

@phdthesis{Hundhausen1999,
    author = "Christopher Hundhausen",
    title = "{Toward Effective Algorithm Visualization Artifacts: Designing for Participation and Communication in an Undergraduate Algorithms Course}",
    school = "{Department of Computer and Information Science, University of Oregon}",
    year = "1999",
    note = "{(Unpublished) (Tech Rep. No. CIS-TR-99-07)} {\url{http://lilt.ics.hawaii.edu/~hundhaus/dis/}}",
}



%Misc
%----------------------------------------------

@misc{DJava,
    author = "Koala",
    title = "{DynamicJava}",
    year = "2002",
    howpublished = "WWW-page",
    note = "{\url{http://koala.ilog.fr/djava/}} ({A}ccessed 2003-16-07)"
}

@misc{BeanShell,
    author = "Pat Niemeyer",
    title = "{BeanShell}",
    year = "2003",
    howpublished = "WWW-page",
    note = "{\url{{http://www.beanshell.org/}}} ({A}ccessed 2003-16-07)"
}

@misc{Iava,
    author = "Mathias W. Richter",
    title = "{T}he {I}ava {H}omepage",
    year = "2000",
    howpublished = "WWW-page",
    note = "{\url{{http://members.tripod.com/mathias/IavaHomepage.html}}} ({A}ccessed 2003-16-07)"
}

@misc{Ant,
    author = "Apache",
    title = "{A}pache {A}nt",
    year = "2003",
    howpublished = "WWW-page",
    note = "{\url{http://ant.apache.org}} ({A}ccessed 2003-27-10)"
}

@misc{AntManual,
    author = "Apache",
    title = "{A}pache {A}nt {U}ser {M}anual",
    year = "2003",
    howpublished = "WWW-page",
    note = "{\url{http://ant.apache.org/manual/index.html}} ({A}ccessed 2003-27-10)"
}

@misc{Moreno2004,
		author = "Andr{\'{e}}s Moreno and Niko Myller",
		title = "The Intermediate Language Specification --- MCode",
		year = "2004",
}