@MASTERSTHESIS{myllerthesis,
   author = "Niko Myller",
   title = "{T}he {F}undamental {D}esign {I}ssues of {J}eliot 3",
   school = "University of Joensuu",
   type = "Master's thesis",
   address = "Computer Science Department",
   month = mar,
   year = 2004,
   note = "Niko's thesis",
}
@MASTERSTHESIS{morenothesis,
   author = "Andr\'{e}s Moreno",
   title = "{T}axonomy of {I}ntermediate {C}odes {U}sed in {V}isualization and its {A}plication in {J}eliot 3",
   school = "University of Joensuu",
   type = "Master's thesis",
   address = "Computer Science Department",
   month = jun,
   year = 2004,
   note = "Andres' thesis",
}